<?xml version="1.0" encoding="UTF-8"?><record xmlns="http://www.loc.gov/MARC21/slim" xmlns:cinclude="http://apache.org/cocoon/include/1.0" xmlns:zs="http://www.loc.gov/zing/srw/">
  <leader>00320nz  a2200121n  4500</leader>
  <controlfield tag="001">n  86074604 </controlfield>
  <controlfield tag="003">DLC</controlfield>
  <controlfield tag="005">19870622134445.2</controlfield>
  <controlfield tag="008">870529n| acannaab|          |n aaa ||| c</controlfield>
  <datafield tag="010" ind1=" " ind2=" ">
    <subfield code="a">n  86074604 </subfield>
  </datafield>
  <datafield tag="040" ind1=" " ind2=" ">
    <subfield code="a">InU</subfield>
    <subfield code="c">DLC</subfield>
    <subfield code="d">DLC</subfield>
  </datafield>
  <datafield tag="100" ind1="1" ind2="0">
    <subfield code="a">Scripps, Paul K.</subfield>
  </datafield>
  <datafield tag="670" ind1=" " ind2=" ">
    <subfield code="a">John P. Scripps newspaper group, 1983:</subfield>
    <subfield code="b">t.p. (Paul K. Scripps)</subfield>
  </datafield>
</record>